@ARTICLE{NIST,
	author = {Ralchenko, Yu., Kramida, A., Reader, J. and NIST ASD Team},
	title = {NIST Atomic Spectra Database},
	year = {2011},
	institution = {National Institute of Standards and Technology, Gaithersburg, MD},
}
@ARTICLE{Man,
	author = {Georgia Tech School of Physics},
	title = {Franck-Hertz Experiment Lab Manual},
	year = {2002},
	institution = {Georgia Institute of Technology},
}

@article{Gen,
	author = {Genolio, R. J.},
	title = {Average Energy of Electrons in a Franck-Hertz Tube},
	journal = {American Journal of Physics},
	volume = {41},
	number = {2},
	pages = {288-290},
	year = {1973},
}

@article{Huebner,
	author = {Huebner, J. S.},
	title = {Franck-Hertz Experiment - Comment},
	journal = {American Journal of Physics},
	volume = {44},
	number = {3},
	pages = {302-303},
	year = {1976},
}

@article{Robson,
	author = {Li, B. and Robson, R. E. and White, R. D.},
		   title = {The Franck-Hertz experiment revisited},
		   journal = {19th Spig: Physics of Ionized Gases},
		   pages = {107-122},
		   year = {1999},
}

