@ARTICLE{MUON,
	author = {T.E. Coan and J. Ye},
	title = {Muon Physcs},
	year = {2003},
	institution = {Southern Methodist University},
}

@ARTICLE{COSBUL,
	author = {R. Clay and B.Dawson},
	title = {Cosmic Bullets, High Energy Particle in Astrophysics},
	year = {1997},
	institution = {University of Adelaide},
}

@ARTICLE{PDG,
	title = {Charged Lepton Particle Properties},
	author = {J.Beringer et al. (Particle Data Group)},
	journal = {Physical Review},
	volume = {D86, 010001},
	year = {2012},
}

